% Encoding: UTF-8

@Report{DirkJacobs2011,
  author      = {Jacobs, Dirk and Rea, Andrea},
  date        = {2011-04-15},
  institution = {ULB; Koning Boudewijnstichting},
  title       = {Verspild talent},
  type        = {resreport},
  isrn        = {978-90-5130-749-8},
  pages       = {98},
  subtitle    = {De prestatiekloof in het secundair onderwijstussen allochtone en andere leerlingenvolgens het PISA-onderzoek 2009},
  url         = {https://dipot.ulb.ac.be/dspace/bitstream/2013/115059/1/PUB2011_3002_VerspildTalent.pdf},
  urldate     = {2021-03-27},
  comment     = {Eerst volgt een opsomming van de drie gebruikte categorieën in de studie van Jacobs & Rea (2011). De eerste groep omvat de autochtonen, dit zijn leerlingen die in België of in het buitenland geboren zijn en van wie ten minste een van de ouders in België is geboren. De tweede groep bestaat uit de allochtonen, maar deze wordt opgesplitst in 2 subgroepen. Enerzijds omvat het de leerlingen die in België geboren zijn en van wie beide ouders in het buitenland geboren zijn. Die leerlingen worden hier ‘tweede generatie migranten’ genoemd. Anderzijds omvat het de ‘nieuwkomers’, leerlingen die in het buitenland zijn geboren en van wie de ouders ook in het buitenland geboren zijn. De groep van autochtonen vormt de referentiepopulatie, tenzij anders aangegeven.
Algemeen tonen de resultaten van PISA 2009 aan dat de resultaten tussen de autochtonen en allochtonen in Vlaanderen vrij uitgesproken zijn. Tweede generatie migranten scoren 70 punten minder (SD = 7,5) en nieuwkomers scoren 75 punten minder (SD = 7,8) dan de referentiegroep. Wel dient er opgemerkt te worden dat de kloof kleiner is geworden sinds PISA 2003. 
Om het netto-effect van de thuistaal op de resultaten voor wiskunde te bepalen, moet er een meervoudige lineaire regressie opgesteld worden. De verschillende onderzochte variabelen zijn immers allen geassocieerd met elkaar én met de wiskunderesultaten. De gekozen onafhankelijke variabelen zijn : tweede generatie migranten, nieuwkomers, onderwijs ouders, beroep ouders, thuistaal en soort onderwijs. Er worden 5 modellen opgesteld, waarbij er steeds een nieuwe variabele wordt toegevoegd.
Op basis van dit model (Tabel 30) kan afgeleid worden dat de thuistaal een duidelijke correlatie vertoont met de resultaten.  Indien de leerling thuis geen Nederlands spreekt, zal die, ongeacht de andere variabelen, 45 punten minder scoren voor de wiskundetest. Indien er daarbij ook rekening wordt gehouden met het soort onderwijs, waarvan we weten dat allochtonen ondervertegenwoordigd zijn in ASO, neemt de impact van de thuistaal nog toe : leerlingen die thuis geen Nederlands spreken, scoren gemiddeld 52 punten minder. (Tabel 31)
Wanneer alle variabelen in rekening worden gebracht, kan dit 45% van de totale variantie bepalen. (Noot : dit is 5% meer dan in de paper van Jacobs et al. (2007) op basis van PISA 2006.) 
Uit voorgaande modellen kan geconcludeerd worden dat vooral de SES en thuistaal van de leerling een grote invloed hebben op de wiskunderesultaten, evenals de schooloriëntatie.},
}

@Article{StatistiekVlaanderen2018,
  author   = {StatistiekVlaanderen},
  date     = {2018},
  title    = {Home Bevolking Economie Levensomstandigheden Omgeving Overheid Rapporten EvenementenDe vergrijzing zet zich verder},
  language = {Dutch},
  pages    = {3},
  url      = {https://www.statistiekvlaanderen.be/nl/de-vergrijzing-zet-zich-verder},
  urldate  = {2021-11-28},
}

@Report{Campens,
  author      = {Campens, Jorrit},
  institution = {HoGent},
  title       = {Cursus Elderspeak},
  type        = {resreport},
  language    = {Dutch},
  pages       = {17},
  file        = {:C\:/Users/sibia/OneDrive - Hogeschool Gent/3e bach/BachelorProef/- Cursus elderspeak_partim Jorrit Campens.pdf:PDF},
}

@Book{Williams2011,
  author    = {Williams, Kristine N.},
  date      = {2011-06-09},
  title     = {Communication in Elderly Care},
  isbn      = {1441179852},
  language  = {English},
  pagetotal = {256},
  publisher = {Bloomsbury UK},
  url       = {https://www.ebook.de/de/product/21099510/communication_in_elderly_care.html},
  urldate   = {2021-11-28},
  ean       = {9781441179852},
  type      = {resreport},
  year      = {2011},
}

@Thesis{Beeckman2021,
  author      = {Beeckman, Glenn},
  date        = {2021},
  institution = {Hogeschool Gent},
  title       = {Nursery Tone Monitor: softwarematige detectie van elderspeak},
  type        = {eindwerk},
  language    = {Dutch},
  pages       = {46},
  url         = {https://catalogus.hogent.be/catalog/hog01:000739720},
  urldate     = {2021-11-28},
  abstract    = {In deze bachelorproef is nagegaan of het mogelijk is elderspeak softwarematig te detecteren aan de hand van de toonhoogte en eventueel door middel van machine learning. Tijdens dit onderzoek werden audio-opnames verzameld die geanalyseerd werden op basis van de toonhoogte. Er werd een python applicatie gemaakt die de optie geeft twee opnames te maken en deze opnames nadien te analyseren naar de toonhoogte. De applicatie maakt gebruik van de ‘Parselmouth‘ bibliotheek voor python, die op zijn beurt gebruik maakt van de ‘Praat‘ source code. De applicatie in python blijkt snel en nauwkeurig de toonhoogte te bepalen en lijkt praktisch in gebruik. Wanneer deze applicatie uitgebreid kan worden met bijkomende functies, zoals het detecteren van herhaalde woorden/zinnen en een detectie van verkleinwoorden, zou dit een volwaardige manier kunnen zijn om elderspeak softwarematig te detecteren. Deze bachelorproef heeft ook geprobeerd elderspeak te detecteren aan de hand van een convolutioneel neuraal netwerk (CNN). Het CNN gebruikte een te kleine dataset van slechts 20 personen (40 audiosamples in totaal) waardoor het onmogelijk was een nauwkeurige classificatie te maken. Zo had het model een accuraatheid die schommelt tussen de 45 en 60 procent. Aangezien er ‘slechts‘ twee klassen waren is dit niet voldoende omdat gokken statistisch gezien ook een nauwkeurigheid van 50 procent zou halen. Het toevoegen van geaugmenteerde data had in dit onderzoek geen effect op de accuraatheid van het model. Over het aspect van het CNN zou verder onderzoek gevoerd kunnen worden om na te gaan of dit eventueel een praktische manier is om elderspeak te gaan detecteren. Hiervoor zou echter een grotere en meer gevarieerde dataset nodig zijn.},
  file        = {:C\:/Users/sibia/OneDrive - Hogeschool Gent/3e bach/BachelorProef/Ingediende versie Glenn Beeckman.pdf:PDF},
  keywords    = {Elderspeak, Applicatieontwikkeling, Machineleertechnieken en kunstmatige intelligentie},
}

@Thesis{Standaert2021,
  author      = {Standaert, Victor},
  date        = {2021},
  institution = {Hogeschool Gent},
  title       = {Nursery tone monitor},
  type        = {Eindwerk},
  language    = {Dutch},
  pagetotal   = {60},
  url         = {https://catalogus.hogent.be/catalog/hog01:000739598},
  urldate     = {2021-11-28},
  abstract    = {Deze bachelorproef gaat onderzoeken of het mogelijk is om een applicatie te ontwikkelen die elderspeak kan herkennen en onderscheiden in een gesprek. Dit wordt gedaan met behulp van spraakherkenning en machine learning in de programmeertaal Python.},
  file        = {:C\:/Users/sibia/OneDrive - Hogeschool Gent/3e bach/BachelorProef/Scriptie Victor.pdf:PDF},
  keywords    = {elderspeak, spraakherkenning, machine learning, zorg, verpleegkunde, python, applicatieontwikkeling},
}

@Article{Wick2007,
  author       = {Wick, Jeannette Y. and Zanni, Guido R.},
  date         = {2007-02},
  journaltitle = {The Consultant Pharmacist},
  title        = {The Irony of Elderspeak: Effective but Condescending},
  doi          = {10.4140/tcp.n.2007.175},
  number       = {2},
  pages        = {175--178},
  volume       = {22},
  publisher    = {American Society of Consultant Pharmacists},
}

@Comment{jabref-meta: databaseType:biblatex;}
