% Encoding: UTF-8

@Article{StatistiekVlaanderen2018,
  author   = {StatistiekVlaanderen},
  date     = {2018},
  title    = {Home Bevolking Economie Levensomstandigheden Omgeving Overheid Rapporten EvenementenDe vergrijzing zet zich verder},
  language = {Dutch},
  pages    = {3},
  url      = {https://www.statistiekvlaanderen.be/nl/de-vergrijzing-zet-zich-verder},
  urldate  = {2021-11-28},
}

@Report{Campens,
  author      = {Campens, Jorrit},
  institution = {HoGent},
  title       = {Cursus Elderspeak},
  type        = {resreport},
  language    = {Dutch},
  pages       = {17},
  file        = {:C\:/Users/sibia/OneDrive - Hogeschool Gent/3e bach/BachelorProef/- Cursus elderspeak_partim Jorrit Campens.pdf:PDF},
}

@Book{Williams2011,
  author    = {Williams, Kristine N.},
  date      = {2011-06-09},
  title     = {Communication in Elderly Care},
  isbn      = {1441179852},
  language  = {English},
  pagetotal = {256},
  publisher = {Bloomsbury UK},
  url       = {https://www.ebook.de/de/product/21099510/communication_in_elderly_care.html},
  urldate   = {2021-11-28},
  ean       = {9781441179852},
  type      = {resreport},
  year      = {2011},
}

@Thesis{Beeckman2021,
  author      = {Beeckman, Glenn},
  date        = {2021},
  institution = {Hogeschool Gent},
  title       = {Nursery Tone Monitor: softwarematige detectie van elderspeak},
  type        = {eindwerk},
  language    = {Dutch},
  pages       = {46},
  url         = {https://catalogus.hogent.be/catalog/hog01:000739720},
  urldate     = {2021-11-28},
  abstract    = {In deze bachelorproef is nagegaan of het mogelijk is elderspeak softwarematig te detecteren aan de hand van de toonhoogte en eventueel door middel van machine learning. Tijdens dit onderzoek werden audio-opnames verzameld die geanalyseerd werden op basis van de toonhoogte. Er werd een python applicatie gemaakt die de optie geeft twee opnames te maken en deze opnames nadien te analyseren naar de toonhoogte. De applicatie maakt gebruik van de ‘Parselmouth‘ bibliotheek voor python, die op zijn beurt gebruik maakt van de ‘Praat‘ source code. De applicatie in python blijkt snel en nauwkeurig de toonhoogte te bepalen en lijkt praktisch in gebruik. Wanneer deze applicatie uitgebreid kan worden met bijkomende functies, zoals het detecteren van herhaalde woorden/zinnen en een detectie van verkleinwoorden, zou dit een volwaardige manier kunnen zijn om elderspeak softwarematig te detecteren. Deze bachelorproef heeft ook geprobeerd elderspeak te detecteren aan de hand van een convolutioneel neuraal netwerk (CNN). Het CNN gebruikte een te kleine dataset van slechts 20 personen (40 audiosamples in totaal) waardoor het onmogelijk was een nauwkeurige classificatie te maken. Zo had het model een accuraatheid die schommelt tussen de 45 en 60 procent. Aangezien er ‘slechts‘ twee klassen waren is dit niet voldoende omdat gokken statistisch gezien ook een nauwkeurigheid van 50 procent zou halen. Het toevoegen van geaugmenteerde data had in dit onderzoek geen effect op de accuraatheid van het model. Over het aspect van het CNN zou verder onderzoek gevoerd kunnen worden om na te gaan of dit eventueel een praktische manier is om elderspeak te gaan detecteren. Hiervoor zou echter een grotere en meer gevarieerde dataset nodig zijn.},
  file        = {:C\:/Users/sibia/OneDrive - Hogeschool Gent/3e bach/BachelorProef/Ingediende versie Glenn Beeckman.pdf:PDF},
  keywords    = {Elderspeak, Applicatieontwikkeling, Machineleertechnieken en kunstmatige intelligentie},
}

@Thesis{Standaert2021,
  author      = {Standaert, Victor},
  date        = {2021},
  institution = {Hogeschool Gent},
  title       = {Nursery tone monitor},
  type        = {Eindwerk},
  language    = {Dutch},
  pagetotal   = {60},
  url         = {https://catalogus.hogent.be/catalog/hog01:000739598},
  urldate     = {2021-11-28},
  abstract    = {Deze bachelorproef gaat onderzoeken of het mogelijk is om een applicatie te ontwikkelen die elderspeak kan herkennen en onderscheiden in een gesprek. Dit wordt gedaan met behulp van spraakherkenning en machine learning in de programmeertaal Python.},
  file        = {:C\:/Users/sibia/OneDrive - Hogeschool Gent/3e bach/BachelorProef/Scriptie Victor.pdf:PDF},
  keywords    = {elderspeak, spraakherkenning, machine learning, zorg, verpleegkunde, python, applicatieontwikkeling},
}

@Article{Wick2007,
  author       = {Wick, Jeannette Y. and Zanni, Guido R.},
  date         = {2007-02},
  journaltitle = {The Consultant Pharmacist},
  title        = {The Irony of Elderspeak: Effective but Condescending},
  doi          = {10.4140/tcp.n.2007.175},
  number       = {2},
  pages        = {175--178},
  volume       = {22},
  publisher    = {American Society of Consultant Pharmacists},
}

@Comment{jabref-meta: databaseType:biblatex;}
