@Article{StatistiekVlaanderen2018,
  author   = {StatistiekVlaanderen},
  date     = {2018},
  title    = {Home Bevolking Economie Levensomstandigheden Omgeving Overheid Rapporten EvenementenDe vergrijzing zet zich verder},
  language = {Dutch},
  pages    = {3},
  url      = {https://www.statistiekvlaanderen.be/nl/de-vergrijzing-zet-zich-verder},
  urldate  = {2021-11-28},
}

@Misc{Campens21,
  author      = {Campens, Jorrit},
  date        = {2021},
  title       = {Cursus Elderspeak},
  language    = {Dutch},
  file        = {:C\:/Users/sibia/OneDrive - Hogeschool Gent/3e bach/BachelorProef/- Cursus elderspeak_partim Jorrit Campens.pdf:PDF},
  institution = {HoGent},
  pages       = {17},
}

@Book{Williams2011,
  author    = {Williams, Kristine N.},
  date      = {2011-06-09},
  title     = {Communication in Elderly Care},
  isbn      = {1441179852},
  language  = {English},
  pagetotal = {256},
  publisher = {Bloomsbury UK},
  url       = {https://www.ebook.de/de/product/21099510/communication_in_elderly_care.html},
  urldate   = {2021-11-28},
  ean       = {9781441179852},
  type      = {resreport},
  year      = {2011},
}

@Thesis{Beeckman2021,
  author      = {Beeckman, Glenn},
  date        = {2021},
  institution = {Hogeschool Gent},
  title       = {Nursery Tone Monitor: softwarematige detectie van elderspeak},
  type        = {eindwerk},
  language    = {Dutch},
  pages       = {46},
  url         = {https://catalogus.hogent.be/catalog/hog01:000739720},
  urldate     = {2021-11-28},
  abstract    = {In deze bachelorproef is nagegaan of het mogelijk is elderspeak softwarematig te detecteren aan de hand van de toonhoogte en eventueel door middel van machine learning. Tijdens dit onderzoek werden audio-opnames verzameld die geanalyseerd werden op basis van de toonhoogte. Er werd een python applicatie gemaakt die de optie geeft twee opnames te maken en deze opnames nadien te analyseren naar de toonhoogte. De applicatie maakt gebruik van de ‘Parselmouth‘ bibliotheek voor python, die op zijn beurt gebruik maakt van de ‘Praat‘ source code. De applicatie in python blijkt snel en nauwkeurig de toonhoogte te bepalen en lijkt praktisch in gebruik. Wanneer deze applicatie uitgebreid kan worden met bijkomende functies, zoals het detecteren van herhaalde woorden/zinnen en een detectie van verkleinwoorden, zou dit een volwaardige manier kunnen zijn om elderspeak softwarematig te detecteren. Deze bachelorproef heeft ook geprobeerd elderspeak te detecteren aan de hand van een convolutioneel neuraal netwerk (CNN). Het CNN gebruikte een te kleine dataset van slechts 20 personen (40 audiosamples in totaal) waardoor het onmogelijk was een nauwkeurige classificatie te maken. Zo had het model een accuraatheid die schommelt tussen de 45 en 60 procent. Aangezien er ‘slechts‘ twee klassen waren is dit niet voldoende omdat gokken statistisch gezien ook een nauwkeurigheid van 50 procent zou halen. Het toevoegen van geaugmenteerde data had in dit onderzoek geen effect op de accuraatheid van het model. Over het aspect van het CNN zou verder onderzoek gevoerd kunnen worden om na te gaan of dit eventueel een praktische manier is om elderspeak te gaan detecteren. Hiervoor zou echter een grotere en meer gevarieerde dataset nodig zijn.},
  file        = {:C\:/Users/sibia/OneDrive - Hogeschool Gent/3e bach/BachelorProef/Ingediende versie Glenn Beeckman.pdf:PDF},
  keywords    = {Elderspeak, Applicatieontwikkeling, Machineleertechnieken en kunstmatige intelligentie},
}

@Thesis{Standaert2021,
  author      = {Standaert, Victor},
  date        = {2021},
  institution = {Hogeschool Gent},
  title       = {Nursery tone monitor},
  type        = {Eindwerk},
  language    = {Dutch},
  pagetotal   = {60},
  url         = {https://catalogus.hogent.be/catalog/hog01:000739598},
  urldate     = {2021-11-28},
  abstract    = {Deze bachelorproef gaat onderzoeken of het mogelijk is om een applicatie te ontwikkelen die elderspeak kan herkennen en onderscheiden in een gesprek. Dit wordt gedaan met behulp van spraakherkenning en machine learning in de programmeertaal Python.},
  file        = {:C\:/Users/sibia/OneDrive - Hogeschool Gent/3e bach/BachelorProef/Scriptie Victor.pdf:PDF},
  keywords    = {elderspeak, spraakherkenning, machine learning, zorg, verpleegkunde, python, applicatieontwikkeling},
}

@Article{Wick2007,
  author       = {Wick, Jeannette Y. and Zanni, Guido R.},
  date         = {2007-02},
  journaltitle = {The Consultant Pharmacist},
  title        = {The Irony of Elderspeak: Effective but Condescending},
  doi          = {10.4140/tcp.n.2007.175},
  number       = {2},
  pages        = {175--178},
  volume       = {22},
  publisher    = {American Society of Consultant Pharmacists},
}

@Article{Kemper_1998,
  author       = {Susan Kemper and Andrea Finter-Urczyk and Patrice Ferrell and Tamara Harden and Catherine Billington},
  date         = {1998-01},
  journaltitle = {Discourse Processes},
  title        = {Using elderspeak with older adults},
  doi          = {10.1080/01638539809545020},
  issn         = {1532-6950},
  number       = {1},
  pages        = {55--73},
  volume       = {25},
  abstract     = {This study examined the use of elderspeak, a speech register targeted at older listeners, during a referential communication task. The task required the listener to reproduce a route drawn on a map following the speaker's instructions. Young adults (18â€“26 yr olds) were paired with older adults (62â€“86 yr olds) who performed naturally or who followed a script simulating dementia to determine if the young adults would modify their fluency, prosody, grammatical complexity, semantic content, or discourse style. When paired with older adults simulating dementia, the young adults' instructions were longer, more informative, and more repetitious; however, the young adults did not alter their prosody or grammatical complexity. Together with previous findings on practice effects on elderspeak, these findings suggest that young adults adjust their speech to the perceived communicative needs of older listeners by varying information content but not by varying information delivery. (PsycINFO Database Record (c) 2016 APA, all rights reserved)},
  publisher    = {Informa {UK} Limited},
}

@Comment{jabref-meta: databaseType:biblatex;}
